<?xml version="1.0" encoding="UTF-8"?><record xmlns="http://www.loc.gov/MARC21/slim" xmlns:cinclude="http://apache.org/cocoon/include/1.0" xmlns:zs="http://www.loc.gov/zing/srw/">
  <leader>00434nz  a2200133n  4500</leader>
  <controlfield tag="001">no2011051130</controlfield>
  <controlfield tag="003">DLC</controlfield>
  <controlfield tag="005">20110404144904.0</controlfield>
  <controlfield tag="008">110331n| acannaabn          |n ana     c</controlfield>
  <datafield tag="010" ind1=" " ind2=" ">
    <subfield code="a">no2011051130</subfield>
  </datafield>
  <datafield tag="035" ind1=" " ind2=" ">
    <subfield code="a">(OCoLC)oca08814470</subfield>
  </datafield>
  <datafield tag="040" ind1=" " ind2=" ">
    <subfield code="a">PCarlMH</subfield>
    <subfield code="b">eng</subfield>
    <subfield code="c">PCarlMH</subfield>
  </datafield>
  <datafield tag="110" ind1="1" ind2=" ">
    <subfield code="a">United States.</subfield>
    <subfield code="b">Army.</subfield>
    <subfield code="b">Medical Battalion, 107th.</subfield>
    <subfield code="b">Company A</subfield>
  </datafield>
  <datafield tag="670" ind1=" " ind2=" ">
    <subfield code="a">Praise the lord and pass the penicillin, c2003:</subfield>
    <subfield code="b">p. 2 (Company A, 107th Medical Battalion)</subfield>
  </datafield>
</record>